@software{drysdale_2024_14537446,
  author       = {Drysdale, Will Stephen},
  title        = {wacl-york/toarR: v0.1.0},
  month        = dec,
  year         = 2024,
  publisher    = {Zenodo},
  version      = {v0.1.0},
  doi          = {10.5281/zenodo.14537446},
  url          = {https://doi.org/10.5281/zenodo.14537446},
}